@article{Landin,
  title={The next 700 programming languages},
  author={Landin, Peter J},
  journal={Communications of the ACM},
  volume={9},
  number={3},
  pages={157--166},
  year={1966},
  publisher={ACM}
}

@article{leroyzinc,
  title={The ZINC Experiment: An economical Implementation of the ML language, 1990},
  author={Leroy, Xavier},
  journal={Institut National de Rercherche en Informatique et en Automatique}
}

@book{cousineau,
  title={Approche fonctionnelle de la programmation},
  author={Cousineau, Guy and Mauny, Michel},
  year={1995},
  publisher={Ediscience}
}

@article{Type,
	author={Oleg Kiselyov }, 
	year={2013},
	title = {Inference de type},
	url = {www.okmij.org/ftp/ML/generalization.html},
}